@online{wikiscraping,
  title = {Web scraping},
  author = {Wikipedia},
  year = {n.d.},
  url = {https://en.wikipedia.org/wiki/Web_scraping},
  note = {Wikipedia page on web scraping},
  accessed = {2023-11-04},
}

@INPROCEEDINGS{dive-into-web-scraping,
  author={Mahto, Deepak Kumar and Singh, Lisha},
  booktitle={2016 3rd International Conference on Computing for Sustainable Global Development (INDIACom)}, 
  title={A dive into Web Scraper world}, 
  year={2016},
  volume={},
  number={},
  pages={689-693},
  doi={},
}

@online{simplilearn-data-collection,
  title = {What is Data Collection?},
  author = {{Simplilearn}},
  year = {n.d.},
  url = {https://www.simplilearn.com/what-is-data-collection-article},
  note = {Simplilearn article on data collection},
  accessed = {2023-11-05},
}

@online{towardsdatascience-web-scraping,
  title = {Web Scraping Applications},
  author = {Patel, Hiren},
  year = {n.d.},
  url = {https://towardsdatascience.com/https-medium-com-hiren787-patel-web-scraping-applications-a6f370d316f4?gi=13b5971d1f21},
  note = {Towards Data Science article on web scraping applications},
  accessed = {2023-11-05},
}
