@INPROCEEDINGS{10092327,
  author={Biswas, Chandan and Mallick, Rahul and Paul, Subrata and Mukherjee, Dipta},
  booktitle={2023 11th International Conference on Internet of Everything, Microwave Engineering, Communication and Networks (IEMECON)},
  title={Solution to Web Scraping},
  year={2023},
  volume={},
  number={},
  pages={1-5},
  doi={10.1109/IEMECON56962.2023.10092327}}
